<?xml version="1.0" encoding="UTF-8"?><collection xmlns="http://www.loc.gov/MARC21/slim"><record><leader>00389nam--2200145-i-4500</leader><controlfield tag="001">000008462</controlfield><controlfield tag="002">20161230</controlfield><controlfield tag="005">20170114223934</controlfield><controlfield tag="008">060222s1000------------r-----000-0-eng-d</controlfield><datafield ind1=" " ind2=" " tag="100"><subfield code="a">Calado, J. C. G</subfield></datafield><datafield ind1=" " ind2=" " tag="245"><subfield code="a">Algumas aplicacoes da teoria dos grupos a quimica</subfield></datafield><datafield ind1=" " ind2=" " tag="260"><subfield code="a">Lisboa</subfield><subfield code="b">Instituto Superior Tecnico</subfield><subfield code="c">1967</subfield></datafield><datafield ind1=" " ind2=" " tag="300"><subfield code="a">26 p</subfield></datafield><datafield ind1=" " ind2=" " tag="490"><subfield code="a">519.4:541</subfield></datafield><datafield ind1=" " ind2=" " tag="CAT"><subfield code="a">SYS</subfield><subfield code="c">20170114</subfield><subfield code="h">223934</subfield></datafield></record></collection>